@article{biancoli,
    author = "G. Biancoi; A.L. Barab√°si",
    title = "Bose-Einstein Condensation in Complex Networks",
    journal = "Phys. Rev. Lett.",
    volume = "86",
    year = "2001",
}

@unpublished{dhoker_cm,
    author = "Eric D'Hoker",
    title = "Classical Mechanics 220",
    year = "2016"
}

@misc{goldstein,
    author ="Herbert Goldstein",
    title = "Classical Mechanics, 3rd Edition",
    year="2000",
    pages = "83-84",
}

@book{griffiths_ep,
    author = "David J. Griffiths",
    title = "Introduction to Elementary Particles",
    year = "2004",
}

@book{griffiths_qm,
    author = "David J. Griffiths",
    title = "Introduction to Quantum Mechanics, 2nd Edition",
    year = "2005",
}

@book{grus,
    author = "Joel Grus",
    title = "Data Science from Scratch",
    edition = "2",
    year = "2019"
}

@book{halzen,
    author = "Francis Halzen",
    title = "Quarks and Leptons",
}

@book{lagrange,
    author = "J. L. Lagrange",
    title = "Analytical Mechanics",
    year = "1788",
}

@book{peskin,
    author = "Micheal Peskin",
    title = "Quantum Field Theory",
    year = "1995",
}

@book{sakurai,
    author = "J.J. Sakurai",
    title = "Modern Quantum Mechanics, 2nd Edition",
    year = "2011",
}

@book{sutton,
    author = "Richard S. Sutton",
    title = "Reinforcement Learning",
    edition = "2",
    year = "2020"
}

@book{taylor,
	author = "John Taylor",
	title = "Classical Mechanics",
	year = "2005",
}


@book{weinert,
    author = "Friedel Weinhert",
    title = "The scientist as philosopher: philosophical consequences of great scientific discoveries",
    year = "2005",
    pages = "143",
}

@book{zangwill,
    author= "Andrew Zangwill",
    title = "Modern Electrodynamics",
    year = "2012",
}

@techreport{banfi,
    author = "A Banfi",
    title = "Lecture Notes for the 2015 HEP School for Experimental High Energy Physics Students",
    year = "2015",
    note = "\url{https://stfc.ukri.org/files/hep-summer-school-2015-complete-lecture-notes/}"
}

@misc{pdg,
    author = "Particle Data Group",
    title = "Passage of Particles through Matter",
    year = "2019",
    note = "\url{https://pdg.lbl.gov/}"
}

@misc{stackexchange_action,
    author = "juanrga",
    month = "December",
    year = "2012",
    note = "\url{https://physics.stackexchange.com/questions/47581/entropy-and-the-principle-of-least-action}",
}

@misc{brilliant_backpropagation,
	author = "J. McGonagle",
	note = "\url{https://brilliant.org/wiki/backpropagation/},
	}

@misc{wiki_eye,
    author = "Unknown",
    title = "Eye Color",
    note = "\url{https://en.wikipedia.org/wiki/Eye_color}"
}

@unpublished{blugel,
    author = "Stefan Blugel",
    title = "Scattering Theory: Born Series",
    year = "2012",
    note = "\url{http://juser.fz-juelich.de/record/20885/files/A2_Bluegel.pdf}",
}

@unpublished{bstone,
    author = "Brent Stone",
    title = "Personal Notes",
    note = "Obtained from B. Stone"
}

@unpublished{cousins,
    author = "Robert Cousins",
    title = "Notes on Scattering",
    note = "Class Notes"
}

@unpublished{rdorst,
	author = "R.Dorst",
	title  = "Casual Conversation",
	note   = "Conversation while studying for the comprehensive exam in 2017",
}

@unpublished{hitoshi,
    author = "Hitoshi",
    title = "221A Lecture Notes: Landau Levels",
    note = "\url{http://hitoshi.berkeley.edu/221a/landau.pdf}",
}

@unpublised{milton,
    author = "Milton",
    title = "Green's Functions",
    page = "15",
    note = "\url{http://www.nhn.ou.edu/~milton/p5013/chap12.pdf}"
}

@unpublished{lecture5,
    author = "Unknown",
    title = "Lecture 5: Motion of a charged particle in a magnetic field",
    note = "\url{http://www.tcm.phy.cam.ac.uk/~bds10/aqp/lec5.pdf}"
}